% Encoding: UTF-8

@article{Shen1994,
  title = {Efficient spectral-{Galerkin} method {I}. {Direct} solvers of second- and fourth-order equations using {Legendre} polynomials},
  author = {Shen, Jie},
  year = {1994},
  volume = {15},
  pages = {1489--1505},
  journal = {SIAM J. Sci. Comput.},
  number = {6}
}

@book{Adams2003,
  title={Sobolev spaces},
  author={Adams, Robert A and Fournier, John J F},
  year={2003},
  publisher={Elsevier}
}

@article{Tadmor2012,
  title = {A review of numerical methods for nonlinear partial differential equations},
  author = {Tadmor, Eitan},
  year = {2012},
  volume = {49},
  pages = {507--554},
  journal = {Bull. Amer. Math. Soc.},
  number = {4}
}

@article{TreWei2014,
  title = {The exponentially convergent trapezoidal rule},
  author = {Trefethen, Lloyd N. and Weideman, J. A. C.},
  year = {2014},
  volume = {56},
  pages = {385--458},
  journal = {SIAM Rev.},
  number = {3}
}

@Book{GoVa2013,
  title = {Matrix computations},
  author = {Golub, Gene H. and Van Loan, Charles F.},
  publisher = {The Johns Hopkins University Press},
  address = {Baltimore},
  year = {2013},
  edition = {4th}
}
